<collection xmlns="http://www.loc.gov/MARC21/slim">
   <record>
      <leader>04377cam a2200505 i 45 0</leader>
      <controlfield tag="001">6796392</controlfield>
      <controlfield tag="003">OCoLC</controlfield>
      <controlfield tag="005">20150130113641.0</controlfield>
      <controlfield tag="008">131217t20152015paua     bf   001 0 eng  </controlfield>
      <datafield ind1=" " ind2=" " tag="010">
         <subfield code="a">  2013049982</subfield>
      </datafield>
      <datafield ind1="7" ind2=" " tag="016">
         <subfield code="a">101622197</subfield>
         <subfield code="2">DNLM</subfield>
      </datafield>
      <datafield ind1=" " ind2=" " tag="020">
         <subfield code="a">9781451187496 (paperback)</subfield>
      </datafield>
      <datafield ind1=" " ind2=" " tag="020">
         <subfield code="a">1451187491 (paperback)</subfield>
      </datafield>
      <datafield ind1=" " ind2=" " tag="035">
         <subfield code="a">ocn866766743</subfield>
      </datafield>
      <datafield ind1=" " ind2=" " tag="040">
         <subfield code="a">DNLM/DLC</subfield>
         <subfield code="b">eng</subfield>
         <subfield code="e">rda</subfield>
         <subfield code="c">DLC</subfield>
         <subfield code="d">YDX</subfield>
         <subfield code="d">NLM</subfield>
         <subfield code="d">YDXCP</subfield>
         <subfield code="d">STJ</subfield>
         <subfield code="d">YUM</subfield>
         <subfield code="d">VET</subfield>
         <subfield code="d">OCLCF</subfield>
         <subfield code="d">AFMK</subfield>
      </datafield>
      <datafield ind1=" " ind2=" " tag="042">
         <subfield code="a">pcc</subfield>
      </datafield>
      <datafield ind1="1" ind2="0" tag="050">
         <subfield code="a">QM23.2</subfield>
         <subfield code="b">.M673 2015</subfield>
      </datafield>
      <datafield ind1="1" ind2="0" tag="060">
         <subfield code="a">QS 39</subfield>
      </datafield>
      <datafield ind1=" " ind2="4" tag="060">
         <subfield code="a">QS 39</subfield>
         <subfield code="b">M822e 2015</subfield>
      </datafield>
      <datafield ind1="0" ind2="0" tag="082">
         <subfield code="a">611</subfield>
         <subfield code="2">23</subfield>
      </datafield>
      <datafield ind1=" " ind2=" " tag="090">
         <subfield code="a">QM 23.2 M673 2015</subfield>
         <subfield code="b">AFMK</subfield>
      </datafield>
      <datafield ind1=" " ind2=" " tag="090">
         <subfield code="a">QM 23.2 M822 2015</subfield>
         <subfield code="b">AEU</subfield>
      </datafield>
      <datafield ind1="1" ind2=" " tag="100">
         <subfield code="a">Moore, Keith L.,</subfield>
         <subfield code="e">author.</subfield>
         <subfield code="0">http://id.loc.gov/authorities/names/n79053688</subfield>
         <subfield code="0">http://viaf.org/viaf/73929927</subfield>
      </datafield>
      <datafield ind1="1" ind2="0" tag="245">
         <subfield code="a">Essential clinical anatomy /</subfield>
         <subfield code="c">Keith L. Moore, MSc, PhD, DSc, FIAC, FRSM, FAAA, Professor Emeritus, Division of Anatomy, Department of Surgery, Former Chair of Anatomy and Associate Dean for Basic Medical Sciences, Faculty of Medicine, University of Tornoto, Toronto, Ontario, Canada, Anne M.R. Agur, BSc(OT), MSc, PhD, Professor, Division of Anatomy, Department of Surgery, Faculty of Medicine, Division of Physiatry, Department of Medicine, Department of Physical Therapy, Department of Occupational Science &amp; Occupational Therapy, Division of Biomedical Communications, Institute of Medical Science, Graduate Department of Rehabilitation Science, Graduate Department of Dentistry, University of Toronto, Toronto, Ontario, Canada, Arthur F. Dalley II, PhD, Professor, Department of Cell and Developmental Biology, Adjunct Professor, Department of Orthopaedic, Surgery and Rehabilitation, Vanderbilt University School of Medicine, Adjunct Professor for Anatomy, Belmont University School of Physical Therapy, Nashville, Tennessee, U.S.A.</subfield>
      </datafield>
      <datafield ind1=" " ind2=" " tag="250">
         <subfield code="a">Fifth edition.</subfield>
      </datafield>
      <datafield ind1=" " ind2="1" tag="264">
         <subfield code="a">Philadelphia :</subfield>
         <subfield code="b">Wolters Kluwer Health,</subfield>
         <subfield code="c">[2015]</subfield>
      </datafield>
      <datafield ind1=" " ind2="4" tag="264">
         <subfield code="c">©2015</subfield>
      </datafield>
      <datafield ind1=" " ind2=" " tag="300">
         <subfield code="a">xxiv, 686 pages :</subfield>
         <subfield code="b">color illustrations ;</subfield>
         <subfield code="c">28 cm</subfield>
      </datafield>
      <datafield ind1=" " ind2=" " tag="336">
         <subfield code="a">text</subfield>
         <subfield code="2">rdacontent</subfield>
         <subfield code="0">http://id.loc.gov/vocabulary/contentTypes/txt</subfield>
      </datafield>
      <datafield ind1=" " ind2=" " tag="337">
         <subfield code="a">unmediated</subfield>
         <subfield code="2">rdamedia</subfield>
         <subfield code="0">http://id.loc.gov/vocabulary/mediaTypes/n</subfield>
      </datafield>
      <datafield ind1=" " ind2=" " tag="338">
         <subfield code="a">volume</subfield>
         <subfield code="2">rdacarrier</subfield>
         <subfield code="0">http://id.loc.gov/vocabulary/carriers/nc</subfield>
      </datafield>
      <datafield ind1=" " ind2=" " tag="500">
         <subfield code="a">Parent text: Clinically oriented anatomy / Keith L. Moore, Arthur F. Dalley, Anne M.R. Agur. 7th ed. c2014.</subfield>
      </datafield>
      <datafield ind1=" " ind2=" " tag="504">
         <subfield code="a">Includes bibliographical references and index.</subfield>
      </datafield>
      <datafield ind1=" " ind2=" " tag="520">
         <subfield code="a">"Nineteen years have passed since the first edition of Essential Clinical Anatomy was published. The main aim of the fifth edition is to provide a compact yet thorough textbook of clinical anatomy for students and practitioners in the health care professions and related disciplines. We have made the book even more student friendly. The presentations - Provide a basic text of human clinical anatomy for use in current health sciences curricula - Present an appropriate amount of clinically relevant anatomical material in a readable and interesting form - Place emphasis on clinical anatomy that is important for practice - Provide a concise clinically oriented anatomical overview for clinical courses in subsequent years - Serve as a rapid review when preparing for examinations, particularly those prepared by the National Board of Medical Examiners - Offer enough information for those wishing to refresh their knowledge of clinical anatomy"--Provided by publisher.</subfield>
      </datafield>
      <datafield ind1=" " ind2=" " tag="596">
         <subfield code="a">8 42</subfield>
      </datafield>
      <datafield ind1=" " ind2="0" tag="650">
         <subfield code="a">Human anatomy</subfield>
         <subfield code="v">Handbooks, manuals, etc.</subfield>
      </datafield>
      <datafield ind1=" " ind2="0" tag="650">
         <subfield code="a">Human anatomy</subfield>
         <subfield code="v">Atlases.</subfield>
         <subfield code="0">http://id.loc.gov/authorities/subjects/sh85004840</subfield>
      </datafield>
      <datafield ind1="1" ind2="2" tag="650">
         <subfield code="a">Anatomy</subfield>
         <subfield code="v">Handbooks.</subfield>
      </datafield>
      <datafield ind1="1" ind2=" " tag="700">
         <subfield code="a">Agur, A. M. R.,</subfield>
         <subfield code="e">author.</subfield>
         <subfield code="0">http://id.loc.gov/authorities/names/n85313156</subfield>
         <subfield code="0">http://viaf.org/viaf/10081480</subfield>
      </datafield>
      <datafield ind1="1" ind2=" " tag="700">
         <subfield code="a">Dalley, Arthur F.,</subfield>
         <subfield code="c">II,</subfield>
         <subfield code="e">author.</subfield>
         <subfield code="0">http://id.loc.gov/authorities/names/n85368168</subfield>
         <subfield code="0">http://viaf.org/viaf/32121151</subfield>
      </datafield>
      <datafield ind1="1" ind2=" " tag="700">
         <subfield code="i">Digest of (work):</subfield>
         <subfield code="a">Moore, Keith L.</subfield>
         <subfield code="t">Clinically oriented anatomy.</subfield>
         <subfield code="0">http://viaf.org/viaf/73929927</subfield>
      </datafield>
      <datafield ind1=" " ind2=" " tag="758">
         <subfield code="0">http://worldcat.org/entity/work/id/39176454</subfield>
      </datafield>
      <datafield ind1="0" ind2=" " tag="787">
         <subfield code="n">OCLC Work Id</subfield>
         <subfield code="o">http://worldcat.org/entity/work/id/39176454</subfield>
      </datafield>
      <datafield ind1=" " ind2=" " tag="926">
         <subfield code="a">QM 23.2 M673 2015</subfield>
         <subfield code="w">LC</subfield>
         <subfield code="c">1</subfield>
         <subfield code="i">34917001373732</subfield>
         <subfield code="d">1/16/2017</subfield>
         <subfield code="e">9/16/2016</subfield>
         <subfield code="l">ON_SHELF</subfield>
         <subfield code="m">KEYANO</subfield>
         <subfield code="n">6</subfield>
         <subfield code="p">$72.19</subfield>
         <subfield code="r">Y</subfield>
         <subfield code="s">Y</subfield>
         <subfield code="t">BOOK</subfield>
         <subfield code="u">1/30/2015</subfield>
         <subfield code="o">.STAFF. Rec'd Feb/15 MW</subfield>
      </datafield>
      <datafield ind1=" " ind2=" " tag="926">
         <subfield code="a">QM 23.2 M822 2015</subfield>
         <subfield code="w">LC</subfield>
         <subfield code="c">1</subfield>
         <subfield code="i">0162036748059</subfield>
         <subfield code="d">1/17/2017</subfield>
         <subfield code="e">1/17/2017</subfield>
         <subfield code="k">RESERVES</subfield>
         <subfield code="l">ON_SHELF</subfield>
         <subfield code="m">UAHLTHSC</subfield>
         <subfield code="n">4</subfield>
         <subfield code="p">$150.00</subfield>
         <subfield code="r">Y</subfield>
         <subfield code="s">Y</subfield>
         <subfield code="t">BOOK</subfield>
         <subfield code="u">1/5/2017</subfield>
      </datafield>
   </record>
</collection>
